@inproceedings{jplm_code,
  author = {Cristian Perra and Pedro Garcia Freitas and Ismael Seidel and Peter Schelkens},
  title = {{An overview of the emerging {JPEG} Pleno standard, conformance testing and reference software}},
  volume = {11353},
  booktitle = {Optics, Photonics and Digital Technologies for Imaging Applications VI},
  editor = {Peter Schelkens and Tomasz Kozacki},
  organization = {International Society for Optics and Photonics},
  publisher = {SPIE},
  pages = {207 -- 219},
  keywords = {{JPEG} Pleno, Conformance testing, Reference software, Compression, Standard, Light field, Point cloud, Holography},
  year = {2020},
  doi = {10.1117/12.2555841},
  URL = {https://doi.org/10.1117/12.2555841}
}

@article{4d_codec,
  author = {De Oliveira Alves, 
  Gustavo and De Carvalho, 
  Murilo Bresciani and Pagliari, 
  Carla L. and Freitas, 
  Pedro Garcia and Seidel, 
  Ismael and Pereira, 
  Marcio Pinto and Vieira,
  Carla Florentino Schueler and Testoni, 
  Vanessa and Pereira, 
  Fernando and Da Silva, Eduardo A. B.
  },
  journal = {IEEE Access}, 
  title = {The {JPEG} Pleno Light Field Coding Standard 4D-Transform Mode: How to Design an Efficient 4D-Native Codec}, 
  year = {2020},
  volume = {8},
  number = {},
  pages = {170807-170829},
  doi = {10.1109/ACCESS.2020.3024844}
}

@misc{CTC_JPEG_Pleno,
  title={{JPEG Pleno Light Field Coding Common Test Conditions V3.3}},
  author={Fernando Pereira and Carla Pagliari and Eduardo A. B. da Silva and  Ioan Tabus and Hadi Amirpour and Marco Bernardo and Antonio Pinheiro},
  howpublished={Doc. ISO/IEC JTC 1/SC 29/WG1 N84049, 84th JPEG Meeting, Brussels, Belgium},
  year={2019},
  url={https://jpeg.org/jpegpleno/documentation.html}
}

@misc{lightfields_survey,
  author = {Ruhan Avila da Concei{\c c\~a}o},
  title = {A Survey of Light-field Coding: Concepts and State-of-the-art Literature Review},
  year = {2017},
  note = {Exame de qualificação de doutorado}
}
